@inproceedings{lattimore2017end,
  title={The end of optimism? an asymptotic analysis of finite-armed linear bandits},
  author={Lattimore, Tor and Szepesvari, Csaba},
  booktitle={Artificial Intelligence and Statistics},
  pages={728--737},
  year={2017},
  organization={PMLR}
}

@book{lattimore2020bandit,
  title={Bandit algorithms},
  author={Lattimore, Tor and Szepesv{\'a}ri, Csaba},
  year={2020},
  publisher={Cambridge University Press}
}